@article{vaswani2017attention,
  title={Attention is all you need},
  author={Vaswani, Ashish and Shazeer, Noam and Parmar, Niki and Uszkoreit, Jakob and Jones, Llion and Gomez, Aidan N and Kaiser, {\L}ukasz and Polosukhin, Illia},
  journal={Advances in neural information processing systems},
  volume={30},
  year={2017}
}

@inproceedings{reversing,
    author={P. Sabanal and M. Yason},
    title={Reversing C++},    
    year={2007},
    series={Black Hat DC}
}

@online{hexrays,
  title = {Hex-Rays},
  urldate = {2023-10-14},
  url = {https://www.hex-rays.com/},
}

@Misc{retdec,
    author = {{Avast Software}},
    title = {{RetDec}: A Retargetable Machine-Code Decompiler},
    howpublished = {\url{https://retdec.com/}}
}

@article{decomp_c_towards,
	author    = {Omer Katz and Yuval Olshaker and Yoav Goldberg and Eran Yahav},
	title     = {Towards Neural Decompilation},
	journal   = {CoRR},
	volume    = {abs/1905.08325},
	year      = {2019},
	url       = {http://arxiv.org/abs/1905.08325},
	eprinttype = {arXiv},
	eprint    = {1905.08325},
	timestamp = {Tue, 28 May 2019 12:48:08 +0200},
	biburl    = {https://dblp.org/rec/journals/corr/abs-1905-08325.bib},
	bibsource = {dblp computer science bibliography, https://dblp.org}
}

